%% This BibTeX bibliography file was created using BibDesk.
%% http://bibdesk.sourceforge.net/


%% Created for Lauro Cesar Araujo at 2013-04-05 08:03:49 -0300 


%% Saved with string encoding Unicode (UTF-8) 

@online{carlos,
    author = {Carlos Martins},
    title = {Teste Vocacional: Qual a profissão
que combina com você.},
    year = {2017},
    url = {http://www.guiadacarreira.com.br/teste-vocacional/},
    Urlaccessdate = {22.11.2016}
}

@misc{abntex2-wiki-como-customizar,
	Author = {abnTeX2},
	Date-Added = {2013-03-23 21:39:21 +0000},
	Date-Modified = {2013-03-23 21:44:20 +0000},
	Howpublished = {Wiki do abnTeX2},
	Keywords = {wiki},
	Title = {Como customizar o abnTeX2},
	Url = {https://code.google.com/p/abntex2/wiki/ComoCustomizar},
	Urlaccessdate = {23.3.2013},
	Year = {2013},
	Bdsk-Url-1 = {https://code.google.com/p/abntex2/wiki/ComoCustomizar}
}

@misc{francielli,
	Author = {Oliveira, Francielli. Zaparolli.},
	Keywords = {Jogos Sérios; Realidade Virtual; Treinamento; Educação Médica; Simulador Cirúrgico.},
	Title = {Simulador de Cirurgia de Catarata aplicando Realidade Virtual},
	Urlaccessdate = {02.09.2016},
	note = {Monografia (Bacharel em Análise e Tecnologia da Informação), FATEC Ourinhos (Faculdade de Tecnologia de Ourinhos), São Paulo, Brasil},
	Year = {2014}
}

@misc{sousa,
	Author = {Sousa, Pedro Lucas Pereira },
	Keywords = {wiki},
	Title = {Vocação do estudante: protótipo de um aplicativo android para a realização de teste vocacional},
	Urlaccessdate = {02.09.2016},
	note    = {Monografia (Bacharel em Sistemas de Informação), UFPI (Universidade Federal do Piauí), Picos, Brasil},
	Year = {2016}}
	
@manual{talbot2012,
	Author = {Nicola L.C. Talbot},
	Date-Added = {2013-03-11 12:06:04 +0000},
	Date-Modified = {2013-03-11 12:06:56 +0000},
	Month = {11},
	Title = {User Manual for glossaries.sty},
	Url = {http://mirrors.ctan.org/macros/latex/contrib/glossaries/glossaries-user.pdf},
	Urlaccessdate = {11.3.2013},
	Year = {2012},
	Bdsk-Url-1 = {http://mirrors.ctan.org/macros/latex/contrib/glossaries/glossaries-user.pdf}}

@manual{frank,
	Author = {Ribeiro, M. A. and Uvaldo, M. C. C.},
	Month = {06},
	Title = {Frank Parsons: trajetória do pioneiro da orientação vocacional, profissional e de carreira},
	Url = {http://pepsic.bvsalud.org/scielo.php?pid=S1679-33902007000100003\&script=sci_arttext},
	Urlaccessdate = {12.3.2015},
	Year = {2007}}}
	
	@manual{maria,
	Author = {Grupo Editorial Summus},
	Title = {Maria da Luz Calegari},
	Url = {http://www.gruposummus.com.br/gruposummus/autor//Maria+da+Luz+Calegari},
	Urlaccessdate = {19.02.2017},
	Year = {2010}}

@manual{babel,
	Author = {Johannes Braams},
	Date-Added = {2013-02-17 13:37:14 +0000},
	Date-Modified = {2013-02-17 13:38:38 +0000},
	Month = {April},
	Title = {Babel, a multilingual package for use with LATEX's standard document classes},
	Url = {http://mirrors.ctan.org/info/babel/babel.pdf},
	Urlaccessdate = {17.2.2013},
	Year = {2008},
	Bdsk-Url-1 = {http://mirrors.ctan.org/info/babel/babel.pdf}}

@manual{abntex2modelo-artigo,
	Annote = {Este documento {\'e} derivado do \cite{abnt-bibtex-doc}},
	Author = {abnTeX2},
	Date-Added = {2013-01-15 00:10:35 +0000},
	Date-Modified = {2013-02-04 12:05:47 +0000},
	Organization = {Equipe abnTeX2},
	Title = {Modelo Can{\^o}nico de Artigo Cient{\'\i}fico com abnTeX2},
	Url = {http://abntex2.googlecode.com/},
	Year = {2013},
	Bdsk-Url-1 = {http://code.google.com/p/abntex2/}}

@manual{abntex2modelo-relatorio,
	Annote = {Este documento {\'e} derivado do \cite{abnt-bibtex-doc}},
	Author = {abnTeX2},
	Date-Added = {2013-01-15 00:05:34 +0000},
	Date-Modified = {2013-02-04 12:05:50 +0000},
	Organization = {Equipe abnTeX2},
	Title = {Modelo Can{\^o}nico de Relat{\'o}rio T{\'e}cnico e/ou Cient{\'\i}fico com abnTeX2},
	Url = {http://abntex2.googlecode.com/},
	Year = {2013},
	Bdsk-Url-1 = {http://code.google.com/p/abntex2/}}

@manual{abntex2modelo,
	Annote = {Este documento é derivado do \cite{abnt-bibtex-doc}},
	Author = {abnTeX2},
	Date-Added = {2013-01-12 22:55:32 +0000},
	Date-Modified = {2013-02-04 12:05:54 +0000},
	Organization = {Equipe abnTeX2},
	Title = {Modelo Can{\^o}nico de Trabalho Acad{\^e}mico com abnTeX2},
	Url = {http://abntex2.googlecode.com/},
	Year = {2013},
	Bdsk-Url-1 = {http://code.google.com/p/abntex2/}}

@mastersthesis{araujo2012,
	Address = {Bras{\'\i}lia},
	Author = {Lauro C{\'e}sar Araujo},
	Date-Added = {2013-01-09 11:04:42 +0000},
	Date-Modified = {2013-01-09 11:04:42 +0000},
	Month = {Mar{\c c}o},
	School = {Universidade de Bras{\'\i}lia},
	Subtitle = {uma perspectiva de Arquitetura da Informa{\c c}{\~a}o da Escola de Bras{\'\i}lia},
	Title = {Configura{\c c}{\~a}o},
	Year = {2012}}

@manual{memoir,
	Address = {Normandy Park, WA},
	Author = {Peter Wilson and Lars Madsen},
	Date-Added = {2013-01-09 10:37:50 +0000},
	Date-Modified = {2013-03-21 13:23:25 +0000},
	Organization = {The Herries Press},
	Title = {The Memoir Class for Configurable Typesetting - User Guide},
	Url = {http://mirrors.ctan.org/macros/latex/contrib/memoir/memman.pdf},
	Urlaccessdate = {19.12.2012},
	Year = {2010},
	Bdsk-Url-1 = {http://ctan.tche.br/macros/latex/contrib/memoir/memman.pdf}}

@manual{abntex2cite-alf,
	Annote = {Este documento {\'e} derivado do \cite{abnt-bibtex-alf-doc}},
	Author = {abnTeX2 and Lauro C{\'e}sar Araujo},
	Date-Added = {2013-01-09 10:37:45 +0000},
	Date-Modified = {2013-04-05 11:03:05 +0000},
	Organization = {Equipe abnTeX2},
	Title = {O pacote abntex2cite: t{\'o}picos espec{\'\i}ficos da ABNT NBR 10520:2002 e o estilo bibliogr{\'a}fico alfab{\'e}tico (sistema autor-data},
	Url = {http://abntex2.googlecode.com/},
	Year = {2013},
	Bdsk-Url-1 = {http://code.google.com/p/abntex2/}}

@manual{abntex2cite,
	Annote = {Este documento {\'e} derivado do \cite{abnt-bibtex-doc}},
	Author = {abnTeX2 and Lauro C{\'e}sar Araujo},
	Date-Added = {2013-01-09 10:37:45 +0000},
	Date-Modified = {2013-04-05 10:47:36 +0000},
	Organization = {Equipe abnTeX2},
	Title = {O pacote abntex2cite: Estilos bibliogr{\'a}ficos compat{\'\i}veis com a ABNT NBR 6023},
	Url = {http://abntex2.googlecode.com/},
	Year = {2013},
	Bdsk-Url-1 = {http://code.google.com/p/abntex2/}}

@manual{abntex2classe,
	Author = {abnTeX2 and Lauro C{\'e}sar Araujo},
	Date-Added = {2013-01-09 10:37:38 +0000},
	Date-Modified = {2013-04-05 11:03:48 +0000},
	Organization = {Equipe abnTeX2},
	Title = {A classe abntex2: Modelo can{\^o}nico de trabalhos acad{\^e}micos brasileiros compat{\'\i}vel com as normas ABNT NBR 14724:2011, ABNT NBR 6024:2012 e outras},
	Url = {http://abntex2.googlecode.com/},
	Year = {2013},
	Bdsk-Url-1 = {http://code.google.com/p/abntex2/}}

@manual{NBR10520:2002,
	Address = {Rio de Janeiro},
	Date-Added = {2012-12-15 21:43:38 +0000},
	Date-Modified = {2013-01-12 22:17:20 +0000},
	Month = aug,
	Org-Short = {ABNT},
	Organization = {Associa{\c c}\~ao Brasileira de Normas T\'ecnicas},
	Pages = 7,
	Subtitle = {Informa{\c c}\~ao e documenta{\c c}\~ao --- Apresenta{\c c}\~ao de cita{\c c}\~oes em documentos},
	Title = {{NBR} 10520},
	Year = 2002}

@manual{NBR6024:2012,
	Address = {Rio de Janeiro},
	Date-Added = {2012-12-15 21:24:06 +0000},
	Date-Modified = {2012-12-15 21:24:28 +0000},
	Month = feb,
	Org-Short = {ABNT},
	Organization = {Associa{\c c}\~ao Brasileira de Normas T\'ecnicas},
	Pages = 4,
	Subtitle = {Numera{\c c}\~ao progressiva das se{\c c}\~oes de um documento},
	Title = {{NBR} 6024},
	Year = 2012}

@manual{NBR6028:2003,
	Address = {Rio de Janeiro},
	Date-Added = {2012-12-15 21:02:12 +0000},
	Date-Modified = {2012-12-15 21:02:50 +0000},
	Month = nov,
	Org-Short = {ABNT},
	Organization = {Associa{\c c}\~ao Brasileira de Normas T\'ecnicas},
	Pages = 2,
	Subtitle = {Resumo - Apresenta{\c c}{\~a}o},
	Title = {{NBR} 6028},
	Year = 2003}

@manual{NBR14724:2002,
	Address = {Rio de Janeiro},
	Date-Added = {2012-12-15 20:34:17 +0000},
	Date-Modified = {2012-12-15 20:34:17 +0000},
	Month = aug,
	Note = {Substitui a Ref.~\citeonline{NBR14724:2001}},
	Org-Short = {ABNT},
	Organization = {Associa{\c c}\~ao Brasileira de Normas T\'ecnicas},
	Pages = 6,
	Subtitle = {Informa{\c c}\~ao e documenta{\c c}\~ao --- trabalhos acad\^emicos --- apresenta{\c c}\~ao},
	Title = {{NBR} 14724},
	Year = 2002}

@manual{NBR14724:2001,
	Address = {Rio de Janeiro},
	Date-Added = {2012-12-15 20:34:08 +0000},
	Date-Modified = {2012-12-15 20:34:08 +0000},
	Month = jul,
	Org-Short = {ABNT},
	Organization = {Associa{\c c}\~ao Brasileira de Normas T\'ecnicas},
	Pages = 6,
	Subtitle = {Informa{\c c}\~ao e documenta{\c c}\~ao --- trabalhos acad\^emicos --- apresenta{\c c}\~ao},
	Title = {{NBR} 14724},
	Year = 2001}

@manual{NBR14724:2011,
	Address = {Rio de Janeiro},
	Date-Added = {2012-12-15 20:34:08 +0000},
	Date-Modified = {2012-12-15 20:35:25 +0000},
	Month = mar,
	Note = {Substitui a Ref.~\citeonline{NBR14724:2005}},
	Org-Short = {ABNT},
	Organization = {Associa{\c c}\~ao Brasileira de Normas T\'ecnicas},
	Pages = 15,
	Subtitle = {Informa{\c c}\~ao e documenta{\c c}\~ao --- trabalhos acad\^emicos --- apresenta{\c c}\~ao},
	Title = {{NBR} 14724},
	Year = 2011}

@article{van86,
	Author = {{van}, Gigch, John P. and Leo L. Pipino},
	Journal = {Future Computing Systems},
	Number = {1},
	Pages = {71-97},
	Title = {In search for a paradigm for the discipline of information systems},
	Volume = {1},
	Year = {1986}}

@phdthesis{guizzardi2005,
	Address = {Enschede, The Netherlands},
	Author = {Giancarlo Guizzardi},
	Date-Added = {2012-04-23 11:35:28 +0000},
	Date-Modified = {2012-04-23 11:35:28 +0000},
	School = {Centre for Telematics and Information Technology, University of Twente},
	Title = {Ontological Foundations for Structural Conceptual Models},
	Url = {http://www.loa.istc.cnr.it/Guizzardi/SELMAS-CR.pdf},
	Urlaccessdate = {3.7.2011},
	Year = {2005},
	Bdsk-Url-1 = {http://www.loa.istc.cnr.it/Guizzardi/SELMAS-CR.pdf}}

@mastersthesis{macedo2005,
	Author = {Fl{\'a}via L. Macedo},
	Date-Added = {2012-04-23 11:35:13 +0000},
	Date-Modified = {2012-04-23 11:35:13 +0000},
	Keywords = {arquitetura da informa{\c c}{\~a}o},
	School = {Universidade de Bras{\'\i}lia},
	Title = {Arquitetura da Informa{\c c}{\~a}o: aspectos espistemol{\'o}gicos, cient{\'\i}ficos e pr{\'a}ticos.},
	Type = {Disserta{\c c}{\~a}o de Mestrado},
	Year = {2005}}

@manual{EIA649B,
	Address = {EUA},
	Date-Added = {2012-04-23 11:34:59 +0000},
	Date-Modified = {2012-04-23 11:34:59 +0000},
	Keywords = {norma},
	Month = {June},
	Organization = {TechAmerica},
	Title = {ANSI/EIA 649-B: Configuration Management Standard},
	Year = {2011}}

@inbook{goncalves,
	Author = {{\'A}vila de GonÇalves},
	Booktitle = {Proposta de Orientação Vocacional Profissional – Ensino Médio},
	Editor = {UnB},
	Month = {Novembro},
	Publisher = {UnB},
	Title = {Proposta de Orientação Vocacional Profissional – Ensino Médio},
	Year = {2008}
}

@inbook{courel,
    Address = {São Paulo},
	Author = {COUREL, R.},
	Booktitle = {BOHOSLAVSKY, R. (Org.).},
	Title = {Problemática para a orientação vocacional: a ideologização do campo.},
	Month = {Novembro},
	Publisher = {Cortez},
	Year = {1983},
	Pages = {82}
}

@inbook{oliveira,
	Address = {Rio de Janeiro},
	Author = {Oliveira, I. D.},
	Booktitle = {Ed. Universitária da UFPE},
	Title = {Construindo caminhos. Experiências e técnicas em orientação profissional.},
	Year = {2000}}

@inproceedings{masolo2010,
	Author = {Claudio Masolo},
	Booktitle = {Proceedings of the Twelfth International Conference on the Principles of Knowledge Representation and Reasoning (KR 2010)},
	Date-Added = {2012-04-23 11:34:38 +0000},
	Date-Modified = {2012-04-23 11:34:38 +0000},
	Editor = {Lin, F. and Sattler, U.},
	Pages = {258-268},
	Publisher = {AAAI Press},
	Title = {Understanding Ontological Levels},
	Url = {http://wiki.loa-cnr.it/Papers/kr10v0.7.pdf},
	Urlaccessdate = {2.1.2012},
	Year = {2010},
	Bdsk-Url-1 = {http://wiki.loa-cnr.it/Papers/kr10v0.7.pdf}}

@inbook{guarino1995,
	Address = {Vienna},
	Author = {Nicola Guarino},
	Booktitle = {Philosophy and the Cognitive Science},
	Date-Added = {2012-04-23 11:34:29 +0000},
	Date-Modified = {2012-04-23 11:34:29 +0000},
	Editor = {R. Casati and B. Smith and G. White},
	Month = {September},
	Pages = {443-456},
	Publisher = {Holder-Pivhler-Tempsky},
	Title = {The Ontological Level},
	Url = {http://wiki.loa-cnr.it/Papers/OntLev.pdf},
	Urlaccessdate = {2.1.2012},
	Year = {1995},
	Bdsk-Url-1 = {http://wiki.loa-cnr.it/Papers/OntLev.pdf}}
	
@inbook{holland,
	Address = {EUA},
	Author = {John Holland},
	Publisher = {Editora Abril},
	Title = {Para que profissão você foi feito?},
	Url = {http://www.carlosmartins.com.br/_vocac/vocacional.htm},
	Urlaccessdate = {23.04.2017},
	Year = {2001}}
	
@inbook{jogoprofissoes,
	Author = {Bertelli, Sandra. Benevento},
	Editor = {Casa do Psicólogo},
	Title = {Jogo das profissões: uma forma divertida de conhecer as profissões e o perfil correspondente},
	Edition = {1d},
	Urlaccessdate = {2.1.2012},
	Year = {2007}}

@article{machado,
  title={Serious games para sa{\'u}de e treinamento imersivo},
  author={Machado, Liliane S and Moraes, Ronei M and Nunes, F{\'a}tima},
  journal={Abordagens Pr{\'a}ticas de Realidade Virtual e Aumentada},
  volume={1},
  pages={31--60},
  year={2009},
  publisher={SBC Porto Alegre, Brazil}
}

@article{antunes2003experiencia,
  title={Uma experi{\^e}ncia de orienta{\c{c}}{\~a}o profissional em grupo},
  author={Antunes, JB and Valdo, M and Melo-Silva, LL and Melo-Silva, LL and Santos, MA and Sim{\~o}es, JT and Avi, MC},
  journal={Arquitetura de uma ocupa{\c{c}}{\~a}o: orienta{\c{c}}{\~a}o profissional--teoria e pr{\'a}tica},
  pages={343--362},
  year={2003}
}

@article{hix,
Author={Hix, Deborah. and Hartson, H. Rex.},
  Title={Developing User Interfaces, Ensuring Usability Through Product \& Process},
  Address = {New York},
  Journal={John Wiley \& Sons},
  Pages={3},
  Year={1993}
}

@inproceedings{Long,
 author = {Long, J B},
 title = {People and Computers: Designing for Usability},
 booktitle = {Proceedings of the Second Conference of the British Computer Society, Human Computer Interaction Specialist Group on People and Computers: Designing for Usability},
 year = {1986},
 isbn = {0-521-33259-1},
 location = {York, United Kingdom},
 pages = {3--23},
 numpages = {21},
 url = {http://dl.acm.org/citation.cfm?id=17324.24075},
 acmid = {24075},
 publisher = {Cambridge University Press},
 address = {New York, NY, USA},
} 

@article{levenfus2010tecnica,
  title={T{\'e}cnica dos bombons},
  author={Levenfus, RS},
  journal={Levenfus, RS; Soares, DHP \& cols. Orienta{\c{c}}{\~a}o Vocacional Ocupacional. 2{\textordfeminine} ed. Porto Alegre: Artmed},
  pages={309--313},
  year={2010}
}

@article{neiva,
    Author = {NEIVA, K. M. C. and SPPACAQUERCHE, M. E.},
    Title = {Reconhecendo quem eu sou.},
    Address = {São Paulo},              
	Edition = {1rd},
	journal = {Paulus}, 
	Pages = {145-149; 245-247},    
	Year = {2009}}

@article{lucchiari1993pensando,
  title={Pensando e vivendo a orienta{\c{c}}{\~a}o vocacional},
  author={LUCCHIARI, Dulce Helena},
  journal={S{\~a}o Paulo, Summus editorial},
  year={1993}
}

@article{neiva2003criterios,
  title={Crit{\'e}rios para a escolha profissional},
  author={Neiva, KMC},
  journal={S{\~a}o Paulo: Vetor Editora},
  year={2003}
}

@misc{levenfus2009aip,
  title={AIP--Avalia{\c{c}}{\~a}o de Interesses Profissionais},
  author={Levenfus, RS and Bandeira, DR},
  year={2009},
  publisher={S{\~a}o Paulo: Vetor Editora}
}

@article{soares2010tecnicas,
  title={T{\'e}cnicas e jogos para utiliza{\c{c}}{\~a}o em grupo de orienta{\c{c}}{\~a}o},
  author={Soares, DHP},
  journal={Levenfus, RS; Soares, DHP \& cols. Orienta{\c{c}}{\~a}o Vocacional Ocupacional. 2{\textordfeminine} ed. Porto Alegre: Artmed},
  pages={260--273},
  year={2010}
}

@article{d2009tecnicas,
  title={T{\'e}cnicas para o planejamento de carreira: do sonho profissional ao plano de a{\c{c}}{\~a}o},
  author={D'Avila, GT and Soares, DHP and Krawulski, E},
  journal={T{\'e}cnicas para o trabalho de orienta{\c{c}}{\~a}o profissional em grupo},
  pages={203--232},
  year={2009}
}

@article{spaccaquerche2009orientaccao,
  title={Orienta{\c{c}}{\~a}o profissional: Passo a passo},
  author={SPACCAQUERCHE, Maria Elci and FORTIM, Ivelise},
  journal={S{\~a}o Paulo: Paulus},
  year={2009}
}

@article{oliveira2013orientaccao,
  title={Orienta{\c{c}}{\~a}o Vocacional/Profissional: avalia{\c{c}}{\~a}o de um projeto piloto para estudantes da educa{\c{c}}{\~a}o profissional},
  author={Oliveira, Christiane Maria Ribeiro de and Neiva, Kathia Maria Costa},
  journal={Revista Brasileira de Orienta{\c{c}}{\~a}o Profissional},
  volume={14},
  number={1},
  pages={133--143},
  year={2013},
  publisher={Associa{\c{c}}{\~a}o Brasileira de Orientadores Profissionais}
}

@article{cataratasintomas,
  title={Catarata senil: uma revis{\~a}o de literatura},
  author={Domingues, Vin{\'\i}cius Oliveira and Lawall, Ana Raquel Nascimento and Battestin, Brenda Brenda and de Lima, Francisca Joelma Rodrigues and Lima, Priscilla Meira and Ferreira, Sarah Hasimyan and Moraes, Clayton Franco},
  journal={Revista de Medicina e Sa{\'u}de de Bras{\'\i}lia},
  volume={5},
  number={1},
  year={2016}
}

@incollection{serios,
	Address = {Niterói, RJ},
	Author = {Clua, Esteban Walter Gonzalez.},
	Booktitle = {Journal of Health Informatics},
	Title = {Jogos sérios aplicados a saúde},
	Urlaccessdate = {28.04.2017},
	Volume = {6},
	Year = {2014},}

@incollection{bates2010,
	Address = {New York},
	Author = {Marcia J. Bates},
	Booktitle = {Encyclopedia of Library and Information Sciences},
	Date-Added = {2012-04-23 11:34:29 +0000},
	Date-Modified = {2012-04-23 11:34:29 +0000},
	Edition = {3rd},
	Editor = {Marcia J. Bates and Mary Niles Maack},
	Pages = {2347-2360},
	Publisher = {CRC Press},
	Title = {Information},
	Url = {http://pages.gseis.ucla.edu/faculty/bates/articles/information.html},
	Urlaccessdate = {24.10.2011},
	Volume = {3},
	Year = {2010},
	Bdsk-Url-1 = {http://pages.gseis.ucla.edu/faculty/bates/articles/information.html}}

@incollection{
    arreguy,
	Address = {Rio de Janeiro},
	Author = {Marília Etienne Arreguy},
	Booktitle = {Physis: Revista de Saúde Coletiva},
	Pages = {230},
	Title = {Violência e ausência de psicólogos nas escolas.},
	Volume = {24},
	Year = {2014}}
	
@inbook{cataratas,
	Address = {Rio de Janeiro},
	Author = {Smeltzer, S. C. and Bare, B. C.},
	Editor = {Brunner \& Suddarth},
	Pages = {1864},
	Publisher = {Guanabara Koogan},
	Title = {Tratado de Enfermagem Médico-Cirúrgico},
	Urlaccessdate = {15.03.2017},
	Year = {2005},
	Volume = {2}}
	
@inbook{carvalho,
	Address = {São Paulo},
	Author = {Carvalho, M. M. J.},
	Booktitle = {Editorial Psy II.},
	Title = {Orientação profissional em grupo: Teoria e técnica.},
	Year = {1995}}

@inbook{rosane,
	Address = {Porto Alegre},
	Author = {Levenfus, R. S. and Soares, D. H. P.},
	Booktitle = {Artmed},
	Title = {Orientação vocacional ocupacional: novos achados teóricos, técnicos e instrumentais para a clínica, a escola e a empresa.},
	Year = {2002}}

@inbook{popi,
	Address = {São Paulo},
	Author = {Mahl, A. C. and Soares, D. H. P and Oliveira Neto, E.},
	Booktitle = {Vetor Editora Psico-Pedagógica Ltda},
	Title = {POPI: Programa de Orientação Profissional Intensivo: Outra forma de fazer orientação profissional.},
	Year = {2005}}

@incollection{simulacao,
	Address = {Porto Alegre, RS.},
	Author = {Rapkiewicz, C. E. and Falkembach, G. A. M. and Seixas, L. M. J. D. and Santos, N. D. S. R. S. D.and Cunha, V. V. D. and Klemann, M.},
	Booktitle = {RENOTE: revista novas tecnologias na educação.},
	Title = {Estratégias pedagógicas no ensino de algoritmos e programação associadas ao uso de jogos educacionais.},
	Url = {http://www.lume.ufrgs.br/bitstream/handle/10183/22862/000625846.pdf?sequence=1},
	Urlaccessdate = {24.04.2017},
	Year = {2007}
}

@incollection{andrade,
	Address = {Brasília},
	Author = {Andrade, Josemberg M. and Meira, Girlene R. and Vasconcelos, Zandre B.},
	Booktitle = {Psicologia: ciência e profissão},
	Edition = {3rd},
	Pages = {46-53},
	Title = {O processo de orientação vocacional frente ao século XXI: perspectivas e desafios.},
	Url = {http://www.scielo.br/scielo.php?pid=S1414-9893200200030000\8\&script=sci_arttext\&tlng=pt},
	Urlaccessdate = {24.04.2017},
	Volume = {22},
	Year = {2002}
}
	
@incollection{
    abade,
	Address = {Belo Horizonte},
	Author = {Abade, F. L.},
	Booktitle = {Revista Brasileira de Orientação Profissional},
	Pages = {15-24},
	Title = {Orientação profissional no Brasil: uma revisão histórica da produção científica.},
	Year = {2005}}

@incollection{prieto,
	Address = { Porto Alegre},
	Author = {Prieto, L. M. and Trevisan, M. D. C. B. and Danezi, M. I. and Falkembach, G. M.},
	Booktitle = {Renote: revista novas tecnologias na educação},
	Edition = {1rd},
	Pages = {1-11},
	Title = {Uso das tecnologias digitais em atividades didáticas nas séries iniciais.},
	Url = {http://www.seer.ufrgs.br/renote/article/viewFile/13934/7837},
	Urlaccessdate = {26.04.2017},
	Volume = {3},
	Year = {2005}
}
 
@article{f1,
  title={Fulanologia aplicada à aq{\"u}icultura},
  author={Fulano, José da Silva},
  journal={Jaboticabal: Funep},
  year={1995}
}

@article{evasao,
  title={Evasão no ensino superior: estudo dos fatores causadores da evasão no curso de Ciências Contábeis da Universidade Estadual de Montes Claros–Unimontes–MG.},
  author={Dias, E. C. M. and TheÓphilo, C. R. and Lopes, M. A. S.},
  journal={Congresso USP De Iniciação Científica Em Contabilidade.},
  year={2010}
}

@article{gros,
	Author = {Gros, B.},
	Journal = {First Monday},
	Number = {7},
	Title = {The impact of digital games in education.},
	Volume = {8},
	Year = {2003}}
	
@article{jogosserios,
	Author = {He, Ling. and Hu, Xiaoqiang. and Wei, Dandan},
	Journal = {Conferência Internacional sobre Ciência da Computação e Tecnologia de Rede (ICCSNT)},
	Title = {A análise de caso de Jogo Sério em educação vocacional comunitária},
	Year = {2011},
	Url = {	http://ieeexplore.ieee.org/document/6182333/}}
	
@incollection{tarouco,
	Address = {Porto Alegre - RS},
	Author = {Tarouco, L. M. R. and Roland, L. C. and Fabre, M. C. J. M. and Konrath, M. L. P.},
	Booktitle = {RENOTE: revista novas tecnologias na educação [recurso eletrônico]},
	Title = {Jogos educacionais.},
	Year = {2004}}